@techreport{pagerank,
  title={The pagerank citation ranking: Bringing order to the web.},
  author={Page, Lawrence and Brin, Sergey and Motwani, Rajeev and Winograd, Terry},
  year={1999},
  institution={Stanford InfoLab}
}

@article{bavelas1950_firstCentrality,
  title = {Communication {{Patterns}} in {{Task}}-{{Oriented Groups}}},
  author = {Bavelas, Alex},
  year = {1950},
  month = nov,
  journal = {The Journal of the Acoustical Society of America},
  volume = {22},
  number = {6},
  pages = {725--730},
  issn = {0001-4966},
  doi = {10.1121/1.1906679},
  urldate = {2024-09-25}
}

@article{katz1953_NewStatusIndex,
  title = {A New Status Index Derived from Sociometric Analysis},
  author = {Katz, Leo},
  year = {1953},
  month = mar,
  journal = {Psychometrika},
  volume = {18},
  number = {1},
  pages = {39--43},
  issn = {1860-0980},
  doi = {10.1007/BF02289026},
  urldate = {2024-09-25},
  langid = {english},
  keywords = {Attenuation,Popularity Contest,Public Policy,Statistical Theory,Status Index}
}


@article{bonacich1972_eigenvect_centrality,
  title = {Factoring and Weighting Approaches to Status Scores and Clique Identification},
  author = {Bonacich, Phillip},
  year = {1972},
  month = jan,
  journal = {Journal of Mathematical Sociology},
  publisher = {Taylor \& Francis Group},
  issn = {0022-250X},
  urldate = {2024-09-26},
  copyright = {Copyright Taylor and Francis Group, LLC},
  langid = {english}
}

@article{bonacich2007_UniquePropertiesEigenvector,
  title = {Some Unique Properties of Eigenvector Centrality},
  author = {Bonacich, Phillip},
  year = {2007},
  month = oct,
  journal = {Social Networks},
  volume = {29},
  number = {4},
  pages = {555--564},
  issn = {0378-8733},
  doi = {10.1016/j.socnet.2007.04.002},
  urldate = {2024-09-26},
  keywords = {Centrality,Eigenvector}
}

@article{freeman1977_BetweennessCentrality,
  title = {A {{Set}} of {{Measures}} of {{Centrality Based}} on {{Betweenness}}},
  author = {Freeman, Linton C.},
  year = {1977},
  journal = {Sociometry},
  volume = {40},
  number = {1},
  eprint = {3033543},
  eprinttype = {jstor},
  pages = {35--41},
  publisher = {[American Sociological Association, Sage Publications, Inc.]},
  issn = {0038-0431},
  doi = {10.2307/3033543},
  urldate = {2024-09-26}
}

@article{bloch2023centrality,
  title={Centrality measures in networks},
  author={Bloch, Francis and Jackson, Matthew O and Tebaldi, Pietro},
  journal={Social Choice and Welfare},
  volume={61},
  number={2},
  pages={413--453},
  year={2023},
}