@INPROCEEDINGS{Canbek2017_Class_metrics_terminology,
  author={Canbek, GÃ¼rol and Sagiroglu, Seref and Temizel, Tugba Taskaya and Baykal, Nazife},
  booktitle={2017 International Conference on Computer Science and Engineering (UBMK)}, 
  title={Binary classification performance measures/metrics: A comprehensive visualized roadmap to gain new insights}, 
  year={2017},
  volume={},
  number={},
  pages={821-826},
  keywords={Terminology;Mathematical model;Visualization;Performance analysis;binary classification;classification performance;metrics;measures;machine learning;visualization;ontology},
  doi={10.1109/UBMK.2017.8093539}}

@book{shalev-shwartz2014_UnderstandingMachineLearning,
  title = {Understanding {{Machine Learning}}: {{From Theory}} to {{Algorithms}}},
  shorttitle = {Understanding {{Machine Learning}}},
  author = {{Shalev-Shwartz}, Shai and {Ben-David}, Shai},
  year = {2014},
  month = may,
  publisher = {Cambridge University Press},
  address = {USA},
  isbn = {978-1-107-05713-5}
}