@article{Hollocou2017,
author = {Hollocou, Alexandre and Bonald, Thomas and Lelarge, Marc},
title = {Multiple Local Community Detection},
year = {2018},
issue_date = {December 2017},
volume = {45},
number = {3},
issn = {0163-5999},

doi = {10.1145/3199524.3199537},
journal = {SIGMETRICS Perform. Eval. Rev.},
pages = {76–83},
numpages = {8},
}

@inproceedings{Kloumann2014,
author = {Kloumann, Isabel M. and Kleinberg, Jon M.},
title = {Community Membership Identification from Small Seed Sets},
year = {2014},
isbn = {9781450329569},

doi = {10.1145/2623330.2623621},
booktitle = {Proceedings of the 20th ACM SIGKDD International Conference on Knowledge Discovery and Data Mining},
pages = {1366–1375},
numpages = {10},
}

@article{zhang_2020,
	title = {Robust {Hierarchical} {Overlapping} {Community} {Detection} {With} {Personalized} {PageRank}},
	volume = {8},
	issn = {2169-3536},
	
	doi = {10.1109/ACCESS.2020.2998860},
	urldate = {2024-04-14},
	journal = {IEEE Access},
	author = {Zhang, Yinglong and Xia, Xuewen and Xu, Xing and Yu, Fei and Wu, Hongrun and Yu, Ying and Wei, Bo},
	year = {2020},
	pages = {102867--102882},
}