@inproceedings{konect,
	title = {{KONECT} -- {The} {Koblenz} {Network} {Collection}},
	author = {J\'{e}r\^{o}me Kunegis},
	year = {2013},
	booktitle = {Proc. Int. Conf. on World Wide Web Companion},
	pages = {1343--1350},
    note = {Unfortunately the KONECT website has been taken down, along with the datasets it provided, towards the end of this PhD}
}

@inproceedings{SNAP_paper,
author = {Yang, Jaewon and Leskovec, Jure},
title = {Defining and Evaluating Network Communities Based on Ground-Truth},
year = {2012},
isbn = {9781450315463},

doi = {10.1145/2350190.2350193},
booktitle = {Proceedings of the ACM SIGKDD Workshop on Mining Data Semantics},
articleno = {3},
numpages = {8},
}