@book{ShalevShwartz2014_Understanding,
  author = {Shalev-Shwartz, Shai and Ben-David, Shai},
title = {Understanding Machine Learning: From Theory to Algorithms},
year = {2014},
publisher = {Cambridge University Press},
address = {USA}
}