@article{cai2018_ComprehensiveSurveyGraph,
  title = {A {{Comprehensive Survey}} of {{Graph Embedding}}: {{Problems}}, {{Techniques}}, and {{Applications}}},
  shorttitle = {A {{Comprehensive Survey}} of {{Graph Embedding}}},
  author = {Cai, HongYun and Zheng, Vincent W. and Chang, Kevin Chen-Chuan},
  date = {2018-09},
  journaltitle = {IEEE Transactions on Knowledge and Data Engineering},
  volume = {30},
  number = {9},
  pages = {1616--1637},
  issn = {1558-2191},
  doi = {10.1109/TKDE.2018.2807452},
  urldate = {2024-10-07},
  eventtitle = {{{IEEE Transactions}} on {{Knowledge}} and {{Data Engineering}}},
  keywords = {Electronic mail,graph analytics,Graph embedding,graph embedding survey,Machine learning,network embedding,Social network services,Task analysis,Taxonomy,Toy manufacturing industry,Two dimensional displays}
}


@article{goyal2018_GraphEmbeddingTechniques,
  title = {Graph Embedding Techniques, Applications, and Performance: {{A}} Survey},
  shorttitle = {Graph Embedding Techniques, Applications, and Performance},
  author = {Goyal, Palash and Ferrara, Emilio},
  date = {2018-07-01},
  journaltitle = {Knowledge-Based Systems},
  shortjournal = {Knowledge-Based Systems},
  volume = {151},
  pages = {78--94},
  issn = {0950-7051},
  doi = {10.1016/j.knosys.2018.03.022},
  urldate = {2024-10-07},
  keywords = {Graph embedding applications,Graph embedding techniques,Python graph embedding methods GEM library}
}

@inproceedings{belkin2001_spectralEmbedding,
  title = {Laplacian {{Eigenmaps}} and {{Spectral Techniques}} for {{Embedding}} and {{Clustering}}},
  booktitle = {Advances in {{Neural Information Processing Systems}}},
  author = {Belkin, Mikhail and Niyogi, Partha},
  date = {2001},
  volume = {14},
  publisher = {MIT Press},
  urldate = {2024-10-07}
}

@inproceedings{perozzi2014_DeepWalkOnlineLearning,
  title = {{{DeepWalk}}: Online Learning of Social Representations},
  shorttitle = {{{DeepWalk}}},
  booktitle = {Proceedings of the 20th {{ACM SIGKDD}} International Conference on {{Knowledge}} Discovery and Data Mining},
  author = {Perozzi, Bryan and Al-Rfou, Rami and Skiena, Steven},
  date = {2014-08-24},
  series = {{{KDD}} '14},
  pages = {701--710},
  publisher = {Association for Computing Machinery},
  location = {New York, NY, USA},
  doi = {10.1145/2623330.2623732},
  urldate = {2024-10-08},
  isbn = {978-1-4503-2956-9}
}

@inproceedings{groverNode2vecScalableFeature2016,
  title = {Node2vec: {{Scalable Feature Learning}} for {{Networks}}},
  shorttitle = {Node2vec},
  booktitle = {Proceedings of the 22nd {{ACM SIGKDD International Conference}} on {{Knowledge Discovery}} and {{Data Mining}}},
  author = {Grover, Aditya and Leskovec, Jure},
  date = {2016-08-13},
  series = {{{KDD}} '16},
  pages = {855--864},
  publisher = {Association for Computing Machinery},
  location = {New York, NY, USA},
  doi = {10.1145/2939672.2939754},
  urldate = {2024-03-15},
  isbn = {978-1-4503-4232-2},
  keywords = {feature learning,graph representations,information networks,node embeddings}
}

@inproceedings{HOPE,
author = {Ou, Mingdong and Cui, Peng and Pei, Jian and Zhang, Ziwei and Zhu, Wenwu},
title = {Asymmetric Transitivity Preserving Graph Embedding},
year = {2016},
isbn = {9781450342322},

doi = {10.1145/2939672.2939751},
booktitle = {Proceedings of the 22nd ACM SIGKDD International Conference on Knowledge Discovery and Data Mining},
pages = {1105â€“1114},
numpages = {10},
}

@ARTICLE{SVD_filtering_data,
  author={Konstantinides, K. and Natarajan, B. and Yovanof, G.S.},
  journal={IEEE Transactions on Image Processing}, 
  title={Noise estimation and filtering using block-based singular value decomposition}, 
  year={1997},
  volume={6},
  number={3},
  pages={479-483},
  doi={10.1109/83.557359}}

@misc{node2vec_impl,
  accessed = {2024-04-09},
  author   = {{Elior Cohen}},
  title    = {node2vec 0.4.6},
  url      = {https://pypi.org/project/node2vec/},
}