@article{example_interpr_lee_2021,
	title = {Interpretable {Embedding} {Procedure} {Knowledge} {Transfer} via {Stacked} {Principal} {Component} {Analysis} and {Graph} {Neural} {Network}},
	volume = {35},
	copyright = {Copyright (c) 2021 Association for the Advancement of Artificial Intelligence},
	issn = {2374-3468},
	
	doi = {10.1609/aaai.v35i9.17009},
	language = {en},
	number = {9},
	urldate = {2024-03-19},
	journal = {Proceedings of the AAAI Conference on Artificial Intelligence},
	author = {Lee, Seunghyun and Song, Byung Cheol},
	year = {2021},
	pages = {8297--8305},
}

@inproceedings{example_interpr_wu_2020,
	title = {Interpretable {Embedding} for {Ad}-{Hoc} {Video} {Search}},
	isbn = {978-1-4503-7988-5},
	
	doi = {10.1145/3394171.3413916},
	urldate = {2024-03-05},
	booktitle = {Proceedings of the 28th {ACM} {International} {Conference} on {Multimedia}},
	author = {Wu, Jiaxin and Ngo, Chong-Wah},
	year = {2020},
	pages = {3357--3366},
}

@inproceedings{gogoglou_2019,
	title = {On the {Interpretability} and {Evaluation} of {Graph} {Representation} {Learning}},
	author = {Gogoglou, Antonia and Bruss, C. Bayan and Hines, Keegan E.},
	year = {2019},
    booktitle = {NeurIPS workshop on Graph Representation Learning}
}

@inproceedings{khoshraftar2021,
	title = {Centrality-based {Interpretability} {Measures} for {Graph} {Embeddings}},
	
	doi = {10.1109/DSAA53316.2021.9564221},
	urldate = {2024-03-14},
	booktitle = {2021 {IEEE} 8th {International} {Conference} on {Data} {Science} and {Advanced} {Analytics} ({DSAA})},
	author = {Khoshraftar, Shima and Mahdavi, Sedigheh and An, Aijun},
	year = {2021},
	pages = {1--10},
}

@inproceedings{vigna_2015,
	title = {A {Weighted} {Correlation} {Index} for {Rankings} with {Ties}},
	isbn = {978-1-4503-3469-3},
	
	doi = {10.1145/2736277.2741088},
	urldate = {2024-03-08},
	booktitle = {Proceedings of the 24th {International} {Conference} on {World} {Wide} {Web}},
	author = {Vigna, Sebastiano},
	year = {2015},
	pages = {1166--1176},
}