@inproceedings{Bhattacharya2015_SpaceAndTimeEfficientAlgorithm,
  author    = {Sayan Bhattacharya and
               Monika Henzinger and
               Danupon Nanongkai and
               Charalampos E. Tsourakakis},
  title     = {Space- and Time-Efficient Algorithm for Maintaining Dense Subgraphs
               on One-Pass Dynamic Streams},
  booktitle = {Proc.\ of ACM STOC},
  year      = {2015}
}

@inproceedings{Cohen-Addad2019_FullyDynamicConsistent,
  author    = {Vincent Cohen{-}Addad and
               Niklas Hjuler and
               Nikos Parotsidis and
               David Saulpic and
               Chris Schwiegelshohn},
  title     = {Fully Dynamic Consistent Facility Location},
  booktitle = {Proc.\ of NeurIPS},
  year      = {2019}
}

@inproceedings{Henzinger2020_FullyDynamicCoresets,
  author    = {Monika Henzinger and
               Sagar Kale},
  title     = {Fully-Dynamic Coresets},
  booktitle = {Proc.\ of ESA},
  series    = {LIPIcs},
  volume    = {173},
  pages     = {57:1--57:21},
  year      = {2020}
}

@article{Bateni2021_OptimalFullyDynamic,
  author    = {MohammadHossein Bateni and
               Hossein Esfandiari and
               Rajesh Jayaram and
               Vahab S. Mirrokni},
  title     = {Optimal Fully Dynamic k-Centers Clustering},
  journal   = {CoRR},
  volume    = {abs/2112.07050},
  year      = {2021}
}

@inproceedings{Chan2018_FullyDynamicKCenter,
  author    = {T.{-}H. Hubert Chan and
               Arnaud Guerqin and
               Mauro Sozio},
  title     = {Fully Dynamic \emph{k}-Center Clustering},
  booktitle = {Proc.\ of WWW},
  year      = {2018}
}

@inproceedings{Sawlani2020_NearOptimalFully,
  author    = {Saurabh Sawlani and
               Junxing Wang},
  title     = {Near-optimal fully dynamic densest subgraph},
  booktitle = {Proc.\ of ACM STOC},
  pages     = {181--193},
  year      = {2020}
}

@inproceedings{Epasto2015_EfficientDensestSubgraph,
  author    = {Alessandro Epasto and
               Silvio Lattanzi and
               Mauro Sozio},
   title     = {Efficient Densest Subgraph Computation in Evolving Graphs},
  booktitle = {Proc.\ of WWW},
  year      = {2015}
}

@article{DeStefani2017_TRIESTCountingLocal,
  author    = {De Stefani, Lorenzo and Epasto, Alessandro and Riondato, Matteo and Upfal, Eli},
  title     = {TRI{\`{E}}ST: Counting Local and Global Triangles in Fully Dynamic
               Streams with Fixed Memory Size},
  journal   = {{ACM} Trans. Knowl. Discov. Data},
  year      = {2017}
}